<record><leader>00000cas a2200000 a 4500</leader><controlfield tag="001">36270336</controlfield><controlfield tag="008">970127d18891899miucr n       0    0eng c</controlfield><datafield ind1=" " ind2=" " tag="010"><subfield code="a">sn 97063070 </subfield></datafield><datafield ind1=" " ind2=" " tag="040"><subfield code="a">MHN</subfield><subfield code="b">eng</subfield><subfield code="c">MHN</subfield><subfield code="d">OCL</subfield><subfield code="d">OCLCQ</subfield><subfield code="d">OCLCF</subfield><subfield code="d">OCLCO</subfield></datafield><datafield ind1="1" ind2=" " tag="029"><subfield code="a">AU@</subfield><subfield code="b">000013092594</subfield></datafield><datafield ind1=" " ind2=" " tag="042"><subfield code="a">pcc</subfield></datafield><datafield ind1=" " ind2=" " tag="043"><subfield code="a">n-us-mi</subfield></datafield><datafield ind1="0" ind2=" " tag="130"><subfield code="a">Weekly courier-herald (East Saginaw, Mich.)</subfield></datafield><datafield ind1="1" ind2="4" tag="245"><subfield code="a">The weekly courier-herald.</subfield></datafield><datafield ind1="1" ind2="3" tag="246"><subfield code="a">Courier-herald</subfield></datafield><datafield ind1="1" ind2="7" tag="246"><subfield code="a">Saginaw weekly courier-herald</subfield></datafield><datafield ind1="1" ind2="7" tag="246"><subfield code="a">Saginaw courier-herald</subfield></datafield><datafield ind1=" " ind2=" " tag="260"><subfield code="a">East Saginaw, Mich. :</subfield><subfield code="b">Courier-Herald Co.</subfield></datafield><datafield ind1=" " ind2=" " tag="300"><subfield code="a">v.</subfield></datafield><datafield ind1=" " ind2=" " tag="310"><subfield code="a">Semiweekly,</subfield><subfield code="b">Nov. 23, 1897-Aug. 15, 1899</subfield></datafield><datafield ind1=" " ind2=" " tag="321"><subfield code="a">Weekly,</subfield><subfield code="b">Sept 19, 1889-Nov. 18, 1897</subfield></datafield><datafield ind1="0" ind2=" " tag="362"><subfield code="a">Vol. 32, old and new ser., no. 38 (Sept 19, 1889)-v. 43, no. 33 (Aug. 15, 1899).</subfield></datafield><datafield ind1=" " ind2=" " tag="515"><subfield code="a">Paper has same designation for both Tuesday and Thursday editions.</subfield></datafield><datafield ind1=" " ind2=" " tag="580"><subfield code="a">Daily ed.: Courier-herald (East Saginaw, Mich. : Daily), then: Saginaw courier-herald (Saginaw, Mich. : 1892).</subfield></datafield><datafield ind1=" " ind2="0" tag="651"><subfield code="a">Saginaw (Mich.)</subfield><subfield code="v">Newspapers.</subfield></datafield><datafield ind1=" " ind2="0" tag="651"><subfield code="a">Saginaw County (Mich.)</subfield><subfield code="v">Newspapers.</subfield></datafield><datafield ind1=" " ind2="7" tag="655"><subfield code="a">Newspapers.</subfield><subfield code="2">fast</subfield><subfield code="0">(OCoLC)fst01423814</subfield></datafield><datafield ind1=" " ind2="7" tag="651"><subfield code="a">Michigan</subfield><subfield code="z">Saginaw.</subfield><subfield code="2">fast</subfield><subfield code="0">(OCoLC)fst01210104</subfield></datafield><datafield ind1=" " ind2="7" tag="651"><subfield code="a">Michigan</subfield><subfield code="z">Saginaw County.</subfield><subfield code="2">fast</subfield><subfield code="0">(OCoLC)fst01202880</subfield></datafield><datafield ind1=" " ind2=" " tag="752"><subfield code="a">United States</subfield><subfield code="b">Michigan</subfield><subfield code="c">Saginaw</subfield><subfield code="d">East Saginaw.</subfield></datafield><datafield ind1=" " ind2=" " tag="752"><subfield code="a">United States</subfield><subfield code="b">Michigan</subfield><subfield code="c">Saginaw</subfield><subfield code="d">Saginaw.</subfield></datafield><datafield ind1="1" ind2=" " tag="775"><subfield code="t">Courier-herald (East Saginaw, Mich. : Daily)</subfield><subfield code="w">(DLC)sn 97063068</subfield><subfield code="w">(OCoLC)36281613</subfield></datafield><datafield ind1="1" ind2=" " tag="775"><subfield code="t">Saginaw courier-herald (Saginaw, Mich. : 1892)</subfield><subfield code="w">(DLC)sn 97063074</subfield><subfield code="w">(OCoLC)36304366</subfield></datafield><datafield ind1="0" ind2="0" tag="780"><subfield code="t">Courier-herald (East Saginaw, Mich. : Weekly)</subfield><subfield code="w">(DLC)sn 97063069</subfield><subfield code="w">(OCoLC)36281054</subfield></datafield><datafield ind1="0" ind2="0" tag="785"><subfield code="t">Saginaw courier-herald (Saginaw, Mich. : 1899)</subfield><subfield code="w">(DLC)sn 97063071</subfield><subfield code="w">(OCoLC)36280977</subfield></datafield></record>